<record><leader>00000cas a22000007a 4500</leader><controlfield tag="001">25899767</controlfield><controlfield tag="008">920527d19251942wyuwr ne      0    0eng d</controlfield><datafield ind1=" " ind2=" " tag="010"><subfield code="a">sn 92067068 </subfield></datafield><datafield ind1=" " ind2=" " tag="040"><subfield code="a">NVO</subfield><subfield code="b">eng</subfield><subfield code="c">NVO</subfield><subfield code="d">OCLCQ</subfield></datafield><datafield ind1=" " ind2=" " tag="042"><subfield code="a">msc</subfield></datafield><datafield ind1="0" ind2="4" tag="245"><subfield code="a">The Crook County news.</subfield></datafield><datafield ind1="1" ind2="3" tag="246"><subfield code="a">Crook County news and Little River sentinel</subfield><subfield code="f">&lt;July 10, 1926&gt;-May 16, 1935</subfield></datafield><datafield ind1=" " ind2=" " tag="260"><subfield code="a">Hulett, Wyo. :</subfield><subfield code="b">E. Irwin</subfield></datafield><datafield ind1=" " ind2=" " tag="300"><subfield code="a">v.</subfield></datafield><datafield ind1=" " ind2=" " tag="310"><subfield code="a">Weekly</subfield></datafield><datafield ind1="1" ind2=" " tag="362"><subfield code="a">Began in 1925.</subfield><subfield code="z">Cf. Homsher, L. Guide to Wyoming newspapers, 1867-1967.</subfield></datafield><datafield ind1="0" ind2=" " tag="362"><subfield code="a">-v. 17, no. 25 (Feb. 7, 1942).</subfield></datafield><datafield ind1=" " ind2=" " tag="515"><subfield code="a">Also includes numbering from Little River sentinel, &lt;June 10, 1926&gt;-May 16, 1935.</subfield></datafield><datafield ind1=" " ind2=" " tag="588"><subfield code="a">Description based on: Vol. 1, no. 47 (July 10, 1926).</subfield></datafield><datafield ind1=" " ind2="4" tag="651"><subfield code="a">Hulett (Wyo.)</subfield><subfield code="v">Newspapers.</subfield></datafield><datafield ind1=" " ind2="4" tag="651"><subfield code="a">Crook County (Wyo.)</subfield><subfield code="v">Newspapers.</subfield></datafield><datafield ind1=" " ind2=" " tag="752"><subfield code="a">United States</subfield><subfield code="b">Wyoming</subfield><subfield code="c">Crook County</subfield><subfield code="d">Hulett.</subfield></datafield><datafield ind1="0" ind2="5" tag="780"><subfield code="t">Little River sentinel</subfield></datafield><datafield ind1="0" ind2="4" tag="785"><subfield code="t">Sundance times</subfield><subfield code="w">(DLC)sn 92067069</subfield></datafield></record>